
@misc{ejercicio,
  title = {{Vulnhub - "ejercicio"}},
  howpublished = {\url{https://www.vulnhub.com/entry/infovore-1,496/}},
  note = {Accessed: 2025-04-04}
}
